@online
{wingate,
author = "Liu, Zhaofeng and Meinel, Stefan and Hart, Alistair and Horgan, Ron R.
and Müller, Eike H. and Wingate, Matthew",
title = "A lattice calculation of
$\symup
{B} \to \symup
{K}^{(*)}$ form factors",
date = "2011-01-14",
eprinttype = "arXiv",
eprint = "1101.2726v1",
eprintclass = "hep-ph",
}

@online
{WasserTab,
author = "GEA Wiegand GmbH",
title = "Wasserdampftafel (1-70 bar/100-300°C)",
url = "http://produkte.gea-wiegand.de/GEA/GEACategory/145/index_de.html",
urldate = {2017-01-15}
}

@online
{Erdmagnetfeld,
author = "Prof. Dr. Friedrich H. Balck",
title = "Erdmagnetfeld",
url = "http://www.biosensor-physik.de/biosensor/erdmagnetfeld.htm",
urldate = {2016-12-11}
}

@online
{eV,
author = "National Institude of Standarts and Technology",
title = "Fundamental Physical Constants",
url = "http://physics.nist.gov/cgi-bin/cuu/Value?tevj",
urldate = {2017-01-13}
}

@online
{R,
author = "National Institude of Standarts and Technology",
title = "Fundamental Physical Constants",
url = "http://physics.nist.gov/cgi-bin/cuu/Value?r",
urldate = {2017-01-13}
}

@online
{n,
author = "National Institude of Standarts and Technology",
title = "Fundamental Physical Constants",
url = "http://physics.nist.gov/cgi-bin/cuu/Value?na|search_for=avogadro",
urldate = {2017-01-13}
}

@book
{c,
author = "Douglas C. Giancoli",
title = "Physik",
publisher = "Pearson Deutschland GmbH",
year = "2010"
}


@book
{TaschenbuchPhysik,
author = "Horst Kuchling",
title = "Taschenbuch der Physik",
publisher = "Carl Hanser",
year = "2011",
isbn =  "978-3-446-42457-9"
}

@book
{EinführungMechanik,
author = "S. H. Crandall and N. C. Dahl and T. J. Lardner",
title = "An Introduction to the Mechanics of Solids",
publisher = "McGraw-Hill",
year = "1959"
}

%TU Dortmund. V353 - Das Relaxationsverhalten eines RC-Kreises (o.J).\\ http://129.217.224.2/HOMEPAGE/PHYSIKER/BACHELOR/AP/SKRIPT/V353.pdf (abgerufen am 20.11.2016)

@online
{V102,
author = "TU Dortmund",
title = "V102 Drehschwingungen",
publisher = "TU Dortmund",
url = "http://129.217.224.2/HOMEPAGE/PHYSIKER/BACHELOR/AP/SKRIPT/V102.pdf",
urldate = {2016-12-11}
}

@online
{V103,
author = "TU Dortmund",
title = "V103 Biegung elastischer Stäbe",
publisher = "TU Dortmund",
url = "http://129.217.224.2/HOMEPAGE/PHYSIKER/BACHELOR/AP/SKRIPT/V103.pdf",
urldate = {2016-12-14}
}

@online
{Elastizitätsmodul,
author = "Peter Brehm",
title = "Der E-Modul",
publisher = " Peter Brehm",
url ="http://www.peter-brehm.de/219.0.html",
urldate = {2016-12-18}
}

@online
{V104,
author = "TU Dortmund",
title = "V104 Der Doppler-Effekt",
publisher = "TU Dortmund",
url = "http://129.217.224.2/HOMEPAGE/PHYSIKER/BACHELOR/AP/SKRIPT/V104.pdf",
urldate = {2016-12-12}
}

@online
{V203,
author = "TU Dortmund",
title = "V203 Verdampfungswärme und Dampfdruck-Kurve ",
publisher = "TU Dortmund",
url = "http://129.217.224.2/HOMEPAGE/PHYSIKER/BACHELOR/AP/SKRIPT/V203.pdf",
urldate = {2017-01-15}
}

@online
{V204,
author = "TU Dortmund",
title = "V204 Wärmeleitung von Metallen",
publisher = "TU Dortmund",
url = "http://129.217.224.2/HOMEPAGE/PHYSIKER/BACHELOR/AP/SKRIPT/Waermeleitf.pdf",
urldate = {2017-01-22}
}

@online
{V353,
author = "TU Dortmund",
title = "V353 Das Relaxationsverhalten eines RC-Kreises",
publisher = "TU Dortmund",
url = "http://129.217.224.2/HOMEPAGE/PHYSIKER/BACHELOR/AP/SKRIPT/V353.pdf",
urldate = {2016-11-20}
}

@online
{V354,
author = "TU Dortmund",
title = "V354 Gedämpfte und erzwungene Schwingungen",
publisher = "TU Dortmund",
url = "http://129.217.224.2/HOMEPAGE/PHYSIKER/BACHELOR/AP/SKRIPT/V354.pdf",
urldate = {2016-11-28}
}

@online
{V356,
author = "TU Dortmund",
title = "V356 Kettenschaltungen mit LC-Gliedern",
publisher = "TU Dortmund",
url = "http://129.217.224.2/HOMEPAGE/PHYSIKER/BACHELOR/AP/SKRIPT/V356.pdf",
urldate = {2016-12-05}
}

%@Misc{V353,
%author = "TU Dortmund",
%title = "V353 Das Relaxationsverhalten eines RC-Kreises",
%note = "Eingesehen am 20.11.2016",
%url = {http://129.217.224.2/HOMEPAGE/PHYSIKER/BACHELOR/AP/SKRIPT/V353.pdf},
%howpublished = "\url{http://129.217.224.2/HOMEPAGE/PHYSIKER/BACHELOR/AP/SKRIPT/V353.pdf}",
}

@book
{g,
author = "Dieter Meschede",
title = "Gerthsen Physik",
edition = "Die Dreiundzwanzigste",
publisher = "Springer",
year ="2006"
}

@online
{Gaskonstante,
author = "Universität Frankfurt",
title = "universelle Gaskonstante",
publisher = "Universität Frankfurt",
url = "https://elearning.physik.uni-frankfurt.de/data/FB13-PhysikOnline/lm_data/lm_282/auto/kap10/cd279.htm",
urldate = {2017-01-12}
}

@online
{Avogadrozahl,
author = "Universität Frankfurt",
title = "Avogadrokonstante",
publisher = "Universität Frankfurt",
url = "https://elearning.physik.uni-frankfurt.de/data/FB13-PhysikOnline/lm_data/lm_282/auto/kap10/cd279.htm",
urldate = {2017-01-12}
}

@online
{LWasser,
author = "Dr.-Ing. Heiner Grimm",
title = "Verdampfungswärme von Wasser",
publisher = "Dr.-Ing. Heiner Grimm",
url = "http://wissenschaft-technik-ethik.de/wasser_eigenschaften.html",
urldate = {2017-01-12}
}

