@online
{wingate,
author = "Liu, Zhaofeng and Meinel, Stefan and Hart, Alistair and Horgan, Ron R.
and Müller, Eike H. and Wingate, Matthew",
title = "A lattice calculation of
$\symup
{B} \to \symup
{K}^{(*)}$ form factors",
date = "2011-01-14",
eprinttype = "arXiv",
eprint = "1101.2726v1",
eprintclass = "hep-ph",
}

@online
{Erdmagnetfeld,
author = "Prof. Dr. Friedrich H. Balck",
title = "Erdmagnetfeld",
url = "http://www.biosensor-physik.de/biosensor/erdmagnetfeld.htm",
urldate = {2016-12-11}
}

@book
{c,
author = "Douglas C. Giancoli",
title = "Physik",
publisher = "Pearson Deutschland GmbH",
year = "2010"
}


@book
{TaschenbuchPhysik,
author = "Horst Kuchling",
title = "Taschenbuch der Physik",
publisher = "Carl Hanser",
year = "2011",
isbn =  "978-3-446-42457-9"
}

@book
{EinführungMechanik,
author = "S. H. Crandall and N. C. Dahl and T. J. Lardner",
title = "An Introduction to the Mechanics of Solids",
publisher = "McGraw-Hill",
year = "1959"
}

%TU Dortmund. V353 - Das Relaxationsverhalten eines RC-Kreises (o.J).\\ http://129.217.224.2/HOMEPAGE/PHYSIKER/BACHELOR/AP/SKRIPT/V353.pdf (abgerufen am 20.11.2016)

@online
{V102,
author = "TU Dortmund",
title = "V102 Drehschwingungen",
publisher = "TU Dortmund",
url = "http://129.217.224.2/HOMEPAGE/PHYSIKER/BACHELOR/AP/SKRIPT/V102.pdf",
urldate = {2016-12-11}
}

@online
{V103,
author = "TU Dortmund",
title = "V103 Biegung elastischer Stäbe",
publisher = "TU Dortmund",
url = "http://129.217.224.2/HOMEPAGE/PHYSIKER/BACHELOR/AP/SKRIPT/V103.pdf",
urldate = {2016-12-14}
}

@online
{Elastizitätsmodul,
author = "Peter Brehm",
title = "Der E-Modul",
publisher = " Peter Brehm",
url ="http://www.peter-brehm.de/219.0.html",
urldate = {2016-12-18}
}

@online
{V104,
author = "TU Dortmund",
title = "V104 Der Doppler-Effekt",
publisher = "TU Dortmund",
url = "http://129.217.224.2/HOMEPAGE/PHYSIKER/BACHELOR/AP/SKRIPT/V104.pdf",
urldate = {2016-12-12}
}

@online
{V353,
author = "TU Dortmund",
title = "V353 Das Relaxationsverhalten eines RC-Kreises",
publisher = "TU Dortmund",
url = "http://129.217.224.2/HOMEPAGE/PHYSIKER/BACHELOR/AP/SKRIPT/V353.pdf",
urldate = {2016-11-20}
}

@online
{V354,
author = "TU Dortmund",
title = "V354 Gedämpfte und erzwungene Schwingungen",
publisher = "TU Dortmund",
url = "http://129.217.224.2/HOMEPAGE/PHYSIKER/BACHELOR/AP/SKRIPT/V354.pdf",
urldate = {2016-11-28}
}

@online
{V356,
author = "TU Dortmund",
title = "V356 Kettenschaltungen mit LC-Gliedern",
publisher = "TU Dortmund",
url = "http://129.217.224.2/HOMEPAGE/PHYSIKER/BACHELOR/AP/SKRIPT/V356.pdf",
urldate = {2016-12-05}
}

%@Misc{V353,
%author = "TU Dortmund",
%title = "V353 Das Relaxationsverhalten eines RC-Kreises",
%note = "Eingesehen am 20.11.2016",
%url = {http://129.217.224.2/HOMEPAGE/PHYSIKER/BACHELOR/AP/SKRIPT/V353.pdf},
%howpublished = "\url{http://129.217.224.2/HOMEPAGE/PHYSIKER/BACHELOR/AP/SKRIPT/V353.pdf}",
}

@book
{g,
author = "Dieter Meschede",
title = "Gerthsen Physik",
edition = "Die Dreiundzwanzigste",
publisher = "Springer",
year ="2006"
}


