@online
{wingate,
author = "Liu, Zhaofeng and Meinel, Stefan and Hart, Alistair and Horgan, Ron R.
and Müller, Eike H. and Wingate, Matthew",
title = "A lattice calculation of
$\symup
{B} \to \symup
{K}^{(*)}$ form factors",
date = "2011-01-14",
eprinttype = "arXiv",
eprint = "1101.2726v1",
eprintclass = "hep-ph",
}

%TU Dortmund. V353 - Das Relaxationsverhalten eines RC-Kreises (o.J).\\ http://129.217.224.2/HOMEPAGE/PHYSIKER/BACHELOR/AP/SKRIPT/V353.pdf (abgerufen am 20.11.2016)

@online
{V353,
author = "TU Dortmund",
title = "V353 Das Relaxationsverhalten eines RC-Kreises",
publisher = "TU Dortmund",
url = "http://129.217.224.2/HOMEPAGE/PHYSIKER/BACHELOR/AP/SKRIPT/V353.pdf",
urldate = {2016-11-20}
}

@online
{V354,
author = "TU Dortmund",
title = "V354 Gedämpfte und erzwungene Schwingungen",
publisher = "TU Dortmund",
url = "http://129.217.224.2/HOMEPAGE/PHYSIKER/BACHELOR/AP/SKRIPT/V354.pdf",
urldate = {2016-11-28}
}

@online
{V356,
author = "TU Dortmund",
title = "V356 Kettenschaltungen mit LC-Gliedern",
publisher = "TU Dortmund",
url = "http://129.217.224.2/HOMEPAGE/PHYSIKER/BACHELOR/AP/SKRIPT/V356.pdf",
urldate = {2016-12-05}
}

%@Misc{V353,
%author = "TU Dortmund",
%title = "V353 Das Relaxationsverhalten eines RC-Kreises",
%note = "Eingesehen am 20.11.2016",
%url = {http://129.217.224.2/HOMEPAGE/PHYSIKER/BACHELOR/AP/SKRIPT/V353.pdf},
%howpublished = "\url{http://129.217.224.2/HOMEPAGE/PHYSIKER/BACHELOR/AP/SKRIPT/V353.pdf}",
}
